@article{schizo-abnormalities,
   title = "Abnormalities of smooth pursuit and saccadic control in schizophrenia and affective disorders",
   journal = "Vision Research",
   volume = "32",
   number = "6",
   pages = "1009 - 1014",
   year = "1992",
   note = "",
   issn = "0042-6989",
   doi = "10.1016/0042-6989(92)90002-Z",
   url = "http://www.sciencedirect.com/science/article/pii/004269899290002Z",
   author = "L.A. Abel and S. Levin and P.S. Holzman",
   keywords = "Schizophrenia",
   keywords = "Eye movements",
   keywords = "Smooth pursuit",
   keywords = "Saccades"
}


% http://books.nips.cc/papers/files/nips06/0753.pdf
@inproceedings{gaze-neural-net,
   author = {Shumeet Baluja and Dean Pomerleau},
   title = {Non-Intrusive Gaze Tracking Using Artificial Neural Networks},
   booktitle = {Advances in Neural Information Processing Systems (NIPS)},
   year = 1994,
}


